
@MISC{HIST,
  author = "Wikipedia",
  title =  "Chronologie des langages de programmation",
   note = "\url{http://fr.wikipedia.org/wiki/Chronologie_des_langages_de_programmation}",
}

@MISC{TIO,
  author = "TIOBE",
  title =  "Programming Community Index",
   note = "\url{http://www.tiobe.com/index.php/content/paperinfo/tpci/index.html}",
}

@MISC{ASCII,
  author = "ASCIItable",
  title =  "Tableau de correspondance ASCII",
   note = "\url{http://www.asciitable.com/}",
}

@MISC{COD,
  author = "Site du logiciel Code::Blocks",
  title =  "Code::Blocks",
   note = "\url{http://www.codeblocks.org/}",
}

@MISC{ZER,
  author = "OpenClassrooms",
  title =  "Apprenez a programmer en C",
   note = "\url{https://openclassrooms.com/courses/apprenez-a-programmer-en-c}",
}

@book{KERN88,
  author = "Brian W. Kernighan and Dennis M. Ritchie ",
  title = "C Programming Language (2nd Edition) ",
  publisher = "Prentice Hall",
  year = "1988"
}
